@manual{PlusCal-Manual,
author = {Leslie Lamport},
title = {A PlusCal User's Manual. P-Syntax*},
date = {August 31, 2018},
language = {English},
version = {Version 1.8}
}
